<?xml version="1.0" encoding="UTF-8"?><collection xmlns="http://www.loc.gov/MARC21/slim"><record><leader>00413nam--2200145-i-4500</leader><controlfield tag="001">000031664</controlfield><controlfield tag="002">20161230</controlfield><controlfield tag="005">20161230201038</controlfield><controlfield tag="008">060222s1000------------r-----000-0-eng-d</controlfield><datafield ind1=" " ind2=" " tag="080"><subfield code="a">533.9</subfield></datafield><datafield ind1=" " ind2=" " tag="100"><subfield code="a">Mctaggart, F.K</subfield></datafield><datafield ind1=" " ind2=" " tag="245"><subfield code="a">Plasma chemistry in electrical discharges</subfield></datafield><datafield ind1=" " ind2=" " tag="260"><subfield code="a">Amsterdam, Elsevier Publ. Co., 1967. Xi + 246p</subfield></datafield><datafield ind1=" " ind2=" " tag="490"><subfield code="a">Topics In Inorganic And General Chemistry Monograph</subfield></datafield><datafield ind1=" " ind2=" " tag="852"><subfield code="a">21145</subfield></datafield></record></collection>